@Book{knuth:84,
  author = 	 {Donald E. Knuth},
  title = 	 {The {\TeX} Book},
  publisher = 	 {Addison-Wesley},
  year = 	 {1984},
  edition = 	 {15th}
}

@InCollection{boulic:91,
  author = 	 {R. Boulic and O. Renault},
  title = 	 {3D Hierarchies for Animation},
  booktitle = 	 {New Trends in Animation and Visualization},
  publisher =    {John Wiley {\&} Sons ltd.},
  year = 	 {1991},
  editor = 	 {Nadia Magnenat-Thalmann and Daniel Thalmann}
}

@InCollection{smith:99,
  author = 	 {A. Smith and B. Jones},
  title = 	 {On the Complexity of Computing},
  booktitle = 	 {Advances in Computer Science},
  pages = 	 {555--566},
  publisher =    {Publishing Press},
  year = 	 {1999},
  editor = 	 {A. B. Smith-Jones}
}

@article{1kuhrmann:2014,
	title={The Process Enactment Tool Framework—Transformation of software process models to prepare enactment},
	author={Kuhrmann, Marco and Kalus, Georg and Then, Manuel},
	journal={Science of Computer Programming},
	volume={79},
	pages={172--188},
	year={2014},
	publisher={Elsevier}
}

@inproceedings{2rouille:2012,
	title={Leveraging CVL to manage variability in software process lines},
	author={Rouill{\'e}, Emmanuelle and Combemale, Beno{\^\i}t and Barais, Olivier and Touzet, David and J{\'e}z{\'e}quel, Jean-Marc},
	booktitle={Software Engineering Conference (APSEC), 2012 19th Asia-Pacific},
	volume={1},
	pages={148--157},
	year={2012},
	organization={IEEE}
}

@inproceedings {3silvestre:2014,
	title={A model-based tool for generating software process model tailoring transformations},
	author={Silvestre, Luis and Bastarrica, Mar{\'\i}a Cecilia and Ochoa, Sergio F},
	booktitle={Model-Driven Engineering and Software Development (MODELSWARD), 2014 2nd International Conference on},
	pages={533--540},
	year={2014},
	organization={IEEE}
}

@inproceedings{5junior:2013,
	title={SMartySPEM: A SPEM-based approach for variability management in software process lines},
	author={Junior, Edson A Oliveira and Pazin, Maicon G and Gimenes, Itana MS and Kulesza, Uir{\'a} and Aleixo, Fellipe A},
	booktitle={International Conference on Product Focused Software Process Improvement},
	pages={169--183},
	year={2013},
	organization={Springer}
}

@article{6hurtado:2013,
	title={Avispa: a tool for analyzing software process models},
	author={Hurtado Alegr{\'\i}a, Julio A and Bastarrica, Mar{\'\i}a Cecilia and Bergel, Alexandre},
	journal={Journal of Software: Evolution and Process},
	volume={26},
	number={4},
	pages={434--450},
	year={2013},
	publisher={Wiley Online Library}
}

@article{7gazel:2012,
	title={An ontology based infrastructure to support CMMI-based software process assessment},
	author={Gazel, Sema and Sezer, Ebru Ak{\c{c}}apinar and Tarhan, Ayca},
	journal={Gazi University Journal of Science},
	volume={25},
	number={1},
	pages={155--164},
	year={2012}
}

@article{8hurtado:2013,
	title={MDE software process lines in small companies},
	author={Hurtado, Julio Ariel and Bastarrica, Mar{\'\i}a Cecilia and Ochoa, Sergio F and Simmonds, Jocelyn},
	journal={Journal of Systems and Software},
	volume={86},
	number={5},
	pages={1153--1171},
	year={2013},
	publisher={Elsevier}
}

@inproceedings{9portela:2014,
	title={Spider-pe: A set of support tools to software process enactment},
	author={Portela, Carlos and Vasconcelos, Alexandre and Oliveira, Sandro and Silva, AA and Elder, S},
	booktitle={Proceedings of the 9th International Conference on Software Engineering Advances},
	year={2014}
}

@inproceedings{10ellner:2012,
	title={An integrated tool chain for software process modeling and execution},
	author={Ellner, Ralf and Al-Hilank, Samir and Jung, Martin and Kips, Detlef and Philippsen, Michael},
	booktitle={Proceedings of the European Conference on Modelling Foundations and Applications},
	pages={73--82},
	year={2012}
}

@article{11hurtado:2013,
	title={MDE-based process tailoring strategy},
	author={Hurtado Alegr{\'\i}a, Julio A and Bastarrica, Mar{\'\i}a Cecilia and Quispe, Alcides and Ochoa, Sergio F},
	journal={Journal of Software: Evolution and Process},
	volume={26},
	number={4},
	pages={386--403},
	year={2013},
	publisher={Wiley Online Library}
}

@article{12simmonds:2012,
	title={Modeling variability in software process models},
	author={Simmonds, Jocelyn and Bastarrica, Mar{\'\i}a Cecilia and Silvestre, Luis and Quispe, Alcides},
	journal={Computer Science Department, Universidad de Chile, Santiago, Chile},
	year={2012}
}

@inproceedings{13abad:2012,
	title={Enhancing Tool Support for Situational Engineering of Agile Methodologies in Eclipse.},
	author={Abad, Zahra Shakeri Hossein and Alipour, Anahita and Ramsin, Raman},
	booktitle={SERA (selected papers)},
	pages={141--152},
	year={2012},
	organization={Springer}
}

@inproceedings{14rouille:2013,
	title={Integrating Software Process Reuse and Automation},
	author={Rouill{\'e}, Emmanuelle and Combemale, Beno{\^\i}t and Barais, Olivier and Touzet, David and J{\'e}z{\'e}quel, Jean-Marc},
	booktitle={Software Engineering Conference (APSEC), 2013 20th Asia-Pacific},
	volume={1},
	pages={380--387},
	year={2013},
	organization={IEEE}
}

@inproceedings{15blum:2015,
	title={Software process line discovery},
	author={Blum, Fabian Rojas and Simmonds, Jocelyn and Bastarrica, Mar{\'\i}a Cecilia},
	booktitle={Proceedings of the 2015 International Conference on Software and System Process},
	pages={127--136},
	year={2015},
	organization={ACM}
}

@inproceedings{16casare:2016,
	title={Meduse: an Approach for Tailoring Software Development Process},
	author={Casare, Sara and Ziadi, Tewfik and Brand{\~a}o, Anarosa Alves Franco and Guessoum, Zahia},
	booktitle={Engineering of Complex Computer Systems (ICECCS), 2016 21st International Conference on},
	pages={197--200},
	year={2016},
	organization={IEEE}
}

@inproceedings{17santos:2015,
	title={Mining software development process variations},
	author={Santos, Renata and Oliveira, Toacy C and others},
	booktitle={Proceedings of the 30th Annual ACM Symposium on Applied Computing},
	pages={1657--1660},
	year={2015},
	organization={ACM}
}

@inproceedings{18chaghrouchni:2014,
	title={Towards dynamic adaptation of the software process},
	author={Chaghrouchni, Tarik and Kabbaj, Issam Mohammed and Bakkoury, Zohra},
	booktitle={Intelligent Systems: Theories and Applications (SITA-14), 2014 9th International Conference on},
	pages={1--7},
	year={2014},
	organization={IEEE}
}
@article{19ayora:2016,
	title={Variability management in process families through change patterns},
	author={Ayora, Clara and Torres, Victoria and de la Vara, Jose Luis and Pelechano, Vicente},
	journal={Information and Software Technology},
	volume={74},
	pages={86--104},
	year={2016},
	publisher={Elsevier}
}

@article{genvigir2003modelagem,
	title={Modelagem de Processos de Software Atrav{\'e}s do SPEM-Software Process Engineering Metamodel-Conceitos e Aplica{\c{c}}{\~a}o},
	author={GENVIGIR, ELIAS C and LUIZ FILHO, FB and SANT’ANNA, NILSON},
	journal={III WORCAP, S{\~a}o Jose dos Campos, SP},
	year={2003}
}
@book{sommerville2007engenharia,
	title={Engenharia de software},
	author={Sommerville, Ian},
	volume={8},
	year={2007},
	publisher={Addison Wesley S{\~a}o Paulo}
}
@book{larman2007utilizando,
	title={Utilizando UML e Padr{\~o}es},
	author={Larman, C.},
	isbn={9788560031528},
	url={http://books.google.com.br/books?id=ZHtcynS03DIC},
	year={2007},
	publisher={Bookman}
}